<?xml version="1.0" encoding="UTF-8" standalone="yes"?>
<Document xmlns="urn:iso:std:iso:20022:tech:xsd:camt.052.001.02">
    <BkToCstmrAcctRpt>
        <GrpHdr>
            <MsgId>R/LV22TEST0012345678901/00087876231</MsgId>
            <CreDtTm>2023-03-19T08:09:43</CreDtTm>
        </GrpHdr>
        <Rpt>
            <Id>RLV22TEST0012345678901EUR20230314/1</Id>
            <CreDtTm>2023-03-19T08:09:43</CreDtTm>
            <FrToDt>
                <FrDtTm>2023-03-14T00:00:00</FrDtTm>
                <ToDtTm>2023-03-15T23:59:59</ToDtTm>
            </FrToDt>
            <Acct>
                <Id>
                    <IBAN>LV22TEST0012345678901</IBAN>
                </Id>
                <Ccy>EUR</Ccy>
                <Svcr>
                    <FinInstnId>
                        <BIC>TESTLV01</BIC>
                        <Nm>TEST BANK</Nm>
                    </FinInstnId>
                </Svcr>
            </Acct>
            <Bal>
                <Tp>
                    <CdOrPrtry>
                        <Cd>OPBD</Cd>
                    </CdOrPrtry>
                </Tp>
                <Amt Ccy="EUR">2000.99</Amt>
                <CdtDbtInd>CRDT</CdtDbtInd>
                <Dt>
                    <Dt>2023-03-14</Dt>
                </Dt>
            </Bal>
            <Bal>
                <Tp>
                    <CdOrPrtry>
                        <Cd>CLBD</Cd>
                    </CdOrPrtry>
                </Tp>
                <Amt Ccy="EUR">961.69</Amt>
                <CdtDbtInd>CRDT</CdtDbtInd>
                <Dt>
                    <Dt>2023-03-15</Dt>
                </Dt>
            </Bal>
            <TxsSummry>
                <TtlCdtNtries>
                    <NbOfNtries>0</NbOfNtries>
                    <Sum>0</Sum>
                </TtlCdtNtries>
                <TtlDbtNtries>
                    <NbOfNtries>4</NbOfNtries>
                    <Sum>1039.3</Sum>
                </TtlDbtNtries>
            </TxsSummry>
            <Ntry>
                <Amt Ccy="EUR">1000</Amt>
                <CdtDbtInd>DBIT</CdtDbtInd>
                <Sts>BOOK</Sts>
                <BookgDt>
                    <Dt>2023-03-14</Dt>
                </BookgDt>
                <AcctSvcrRef>123456789876543.020001</AcctSvcrRef>
                <BkTxCd>
                    <Domn>
                        <Cd>LDAS</Cd>
                        <Fmly>
                            <Cd>MDOP</Cd>
                            <SubFmlyCd>CHRG</SubFmlyCd>
                        </Fmly>
                    </Domn>
                    <Prtry>
                        <Cd>MEMD</Cd>
                    </Prtry>
                </BkTxCd>
                <NtryDtls>
                    <TxDtls>
                        <Refs>
                            <Prtry>
                                <Tp>TEST_BANK_REF</Tp>
                                <Ref>ABC123456</Ref>
                            </Prtry>
                        </Refs>
                        <RmtInf>
                            <Ustrd>REIMBURSEMENT OF COMMISSION</Ustrd>
                        </RmtInf>
                    </TxDtls>
                </NtryDtls>
            </Ntry>
            <Ntry>
                <Amt Ccy="EUR">24</Amt>
                <CdtDbtInd>DBIT</CdtDbtInd>
                <Sts>BOOK</Sts>
                <BookgDt>
                    <Dt>2023-03-15</Dt>
                </BookgDt>
                <AcctSvcrRef>123456789876544.000002</AcctSvcrRef>
                <BkTxCd>
                    <Domn>
                        <Cd>PMNT</Cd>
                        <Fmly>
                            <Cd>ICDT</Cd>
                            <SubFmlyCd>BOOK</SubFmlyCd>
                        </Fmly>
                    </Domn>
                    <Prtry>
                        <Cd>OUTP</Cd>
                    </Prtry>
                </BkTxCd>
                <NtryDtls>
                    <TxDtls>
                        <Refs>
                            <InstrId>123</InstrId>
                            <Prtry>
                                <Tp>TEST_BANK_REF</Tp>
                                <Ref>ABC123123</Ref>
                            </Prtry>
                        </Refs>
                        <RltdPties>
                            <Cdtr>
                                <Nm>John Doe</Nm>
                            </Cdtr>
                            <CdtrAcct>
                                <Id>
                                    <IBAN>LV22TEST0012345678902</IBAN>
                                </Id>
                            </CdtrAcct>
                        </RltdPties>
                        <RltdAgts>
                            <CdtrAgt>
                                <FinInstnId>
                                    <BIC>TESTLV01</BIC>
                                    <Nm>TEST BANK
                                        SOME STREET 5
                                        CITY
                                        CONTRY
                                    </Nm>
                                </FinInstnId>
                            </CdtrAgt>
                        </RltdAgts>
                        <RmtInf>
                            <Ustrd>Payment</Ustrd>
                        </RmtInf>
                    </TxDtls>
                </NtryDtls>
            </Ntry>
            <Ntry>
                <Amt Ccy="EUR">5.1</Amt>
                <CdtDbtInd>DBIT</CdtDbtInd>
                <Sts>BOOK</Sts>
                <BookgDt>
                    <Dt>2023-03-15</Dt>
                </BookgDt>
                <AcctSvcrRef>201647076202894.000001</AcctSvcrRef>
                <BkTxCd>
                    <Domn>
                        <Cd>LDAS</Cd>
                        <Fmly>
                            <Cd>MDOP</Cd>
                            <SubFmlyCd>INTR</SubFmlyCd>
                        </Fmly>
                    </Domn>
                    <Prtry>
                        <Cd>MEMD</Cd>
                    </Prtry>
                </BkTxCd>
                <NtryDtls>
                    <TxDtls>
                        <Refs>
                            <Prtry>
                                <Tp>TEST_BANK_REF</Tp>
                                <Ref>ABC123456</Ref>
                            </Prtry>
                        </Refs>
                        <RmtInf>
                            <Ustrd>INTEREST PAYMENT</Ustrd>
                        </RmtInf>
                    </TxDtls>
                </NtryDtls>
            </Ntry>
			<Ntry>
				<Amt Ccy="EUR">10.2</Amt>
				<CdtDbtInd>DBIT</CdtDbtInd>
				<Sts>BOOK</Sts>
				<BookgDt>
					<Dt>2023-03-15</Dt>
				</BookgDt>
				<AcctSvcrRef>299645074937282.000001</AcctSvcrRef>
				<BkTxCd>
					<Domn>
						<Cd>PMNT</Cd>
						<Fmly>
							<Cd>ICDT</Cd>
							<SubFmlyCd>BOOK</SubFmlyCd>
						</Fmly>
					</Domn>
					<Prtry>
						<Cd>INTR</Cd>
					</Prtry>
				</BkTxCd>
				<NtryDtls>
					<TxDtls>
						<Refs>
							<InstrId>498</InstrId>
							<Prtry>
								<Tp>TEST_BANK_REF</Tp>
								<Ref>AB12345ABCDE</Ref>
							</Prtry>
						</Refs>
						<RltdPties>
							<Cdtr>
								<Nm>Bob Doe</Nm>
							</Cdtr>
							<CdtrAcct>
								<Id>
									<IBAN>LV22TEST0012345678903</IBAN>
								</Id>
							</CdtrAcct>
						</RltdPties>
						<RltdAgts>
							<CdtrAgt>
								<FinInstnId>
									<BIC>TESTLV01</BIC>
									<Nm>TEST BANK
										SOME STREET 5
										CITY
										CONTRY
									</Nm>
								</FinInstnId>
							</CdtrAgt>
						</RltdAgts>
						<RmtInf>
							<Ustrd>Payment between accounts</Ustrd>
						</RmtInf>
					</TxDtls>
				</NtryDtls>
			</Ntry>
        </Rpt>
    </BkToCstmrAcctRpt>
</Document>
