<?xml version="1.0" encoding="UTF-8" standalone="yes"?>
<Document xmlns="urn:iso:std:iso:20022:tech:xsd:camt.052.001.02">
    <BkToCstmrAcctRpt>
        <GrpHdr>
            <MsgId>R/LV22TEST0012345678903/00087876239</MsgId>
            <CreDtTm>2023-03-19T08:09:53</CreDtTm>
        </GrpHdr>
        <Rpt>
            <Id>RLV22TEST0012345678903EUR20230314/1</Id>
            <CreDtTm>2023-03-19T08:09:53</CreDtTm>
            <FrToDt>
                <FrDtTm>2023-03-14T00:00:00</FrDtTm>
                <ToDtTm>2023-03-14T23:59:59</ToDtTm>
            </FrToDt>
            <Acct>
                <Id>
                    <IBAN>LV22TEST0012345678903</IBAN>
                </Id>
                <Ccy>EUR</Ccy>
                <Svcr>
                    <FinInstnId>
                        <BIC>TESTLV01</BIC>
                        <Nm>TEST BANK</Nm>
                    </FinInstnId>
                </Svcr>
            </Acct>
            <Bal>
                <Tp>
                    <CdOrPrtry>
                        <Cd>OPBD</Cd>
                    </CdOrPrtry>
                </Tp>
                <Amt Ccy="EUR">0</Amt>
                <CdtDbtInd>CRDT</CdtDbtInd>
                <Dt>
                    <Dt>2023-03-14</Dt>
                </Dt>
            </Bal>
            <Bal>
                <Tp>
                    <CdOrPrtry>
                        <Cd>CLBD</Cd>
                    </CdOrPrtry>
                </Tp>
                <Amt Ccy="EUR">100010.2</Amt>
                <CdtDbtInd>CRDT</CdtDbtInd>
                <Dt>
                    <Dt>2023-03-15</Dt>
                </Dt>
            </Bal>
            <TxsSummry>
                <TtlCdtNtries>
                    <NbOfNtries>2</NbOfNtries>
                    <Sum>100010.2</Sum>
                </TtlCdtNtries>
                <TtlDbtNtries>
                    <NbOfNtries>0</NbOfNtries>
                    <Sum>0</Sum>
                </TtlDbtNtries>
            </TxsSummry>
            <Ntry>
                <Amt Ccy="EUR">100000</Amt>
                <CdtDbtInd>CRDT</CdtDbtInd>
                <Sts>BOOK</Sts>
                <BookgDt>
                    <Dt>2023-03-14</Dt>
                </BookgDt>
                <AcctSvcrRef>123456789876543.020002</AcctSvcrRef>
                <BkTxCd>
                    <Domn>
                        <Cd>LDAS</Cd>
                        <Fmly>
                            <Cd>FTLN</Cd>
                            <SubFmlyCd>DDWN</SubFmlyCd>
                        </Fmly>
                    </Domn>
                    <Prtry>
                        <Cd>OTHR</Cd>
                    </Prtry>
                </BkTxCd>
                <NtryDtls>
                    <TxDtls>
                        <Refs>
                            <Prtry>
                                <Tp>TEST_BANK_REF</Tp>
                                <Ref>ABC123456</Ref>
                            </Prtry>
                        </Refs>
                        <RltdPties/>
                        <RmtInf>
                            <Ustrd>LOAN DRAWDOWN</Ustrd>
                        </RmtInf>
                    </TxDtls>
                </NtryDtls>
            </Ntry>
			<Ntry>
				<Amt Ccy="EUR">10.2</Amt>
				<CdtDbtInd>CRDT</CdtDbtInd>
				<Sts>BOOK</Sts>
				<BookgDt>
					<Dt>2023-03-15</Dt>
				</BookgDt>
				<AcctSvcrRef>299645074937282.000002</AcctSvcrRef>
				<BkTxCd>
					<Domn>
						<Cd>PMNT</Cd>
						<Fmly>
							<Cd>RCDT</Cd>
							<SubFmlyCd>BOOK</SubFmlyCd>
						</Fmly>
					</Domn>
					<Prtry>
						<Cd>INTR</Cd>
					</Prtry>
				</BkTxCd>
				<NtryDtls>
					<TxDtls>
						<Refs>
							<Prtry>
								<Tp>TEST_BANK_REF</Tp>
								<Ref>AB12345ABCDE</Ref>
							</Prtry>
						</Refs>
						<RltdPties>
							<Dbtr>
								<Nm>Bob Doe</Nm>
							</Dbtr>
							<DbtrAcct>
								<Id>
									<IBAN>LV22TEST0012345678901</IBAN>
								</Id>
							</DbtrAcct>
						</RltdPties>
						<RltdAgts>
							<DbtrAgt>
								<FinInstnId>
									<Nm>TEST BANK</Nm>
								</FinInstnId>
							</DbtrAgt>
						</RltdAgts>
						<RmtInf>
							<Ustrd>Payment between accounts</Ustrd>
						</RmtInf>
					</TxDtls>
				</NtryDtls>
			</Ntry>
        </Rpt>
    </BkToCstmrAcctRpt>
</Document>
