<?xml version="1.0" encoding="UTF-8"?>
<Document xmlns="urn:iso:std:iso:20022:tech:xsd:camt.052.001.02">
    <BkToCstmrAcctRpt>
        <GrpHdr>
            <MsgId>STMT20130710193521</MsgId>
            <CreDtTm>2001-12-17T09:30:47Z</CreDtTm>
        </GrpHdr>
        <Rpt>
            <Id>5074322222537</Id>
            <CreDtTm>2001-12-17T09:30:47Z</CreDtTm>
            <FrToDt>
                <FrDtTm>2001-12-17T09:30:47Z</FrDtTm>
                <ToDtTm>2001-12-17T09:30:47Z</ToDtTm>
            </FrToDt>
            <Acct>
                <Id>
                    <IBAN>LV12TEST000000000001</IBAN>
                </Id>
                <Ccy>USD</Ccy>
                <Svcr>
                    <FinInstnId>
                        <BIC>TESTLV22</BIC>
                    </FinInstnId>
                </Svcr>
            </Acct>
            <Bal>
                <Tp>
                    <CdOrPrtry>
                        <Cd>OPBD</Cd>
                    </CdOrPrtry>
                </Tp>
                <Amt Ccy="USD">500</Amt>
                <CdtDbtInd>CRDT</CdtDbtInd>
                <Dt>
                    <Dt>2001-12-17</Dt>
                </Dt>
            </Bal>
            <Ntry>
                <Amt Ccy="USD">3</Amt>
                <CdtDbtInd>DBIT</CdtDbtInd>
                <Sts>BOOK</Sts>
                <BookgDt>
                    <Dt>2001-12-17</Dt>
                </BookgDt>
                <AcctSvcrRef>123456789</AcctSvcrRef>
                <BkTxCd>
                    <Domn>
                        <Cd>PMNT</Cd>
                        <Fmly>
                            <Cd>CCRD</Cd>
                            <SubFmlyCd>FEES</SubFmlyCd>
                        </Fmly>
                    </Domn>
                </BkTxCd>
                <NtryDtls>
                    <TxDtls>
                        <RmtInf>
                            <Ustrd>Komisijas maksa</Ustrd>
                        </RmtInf>
                    </TxDtls>
                </NtryDtls>
            </Ntry>
            <Ntry>
                <Amt Ccy="USD">128.2</Amt>
                <CdtDbtInd>DBIT</CdtDbtInd>
                <Sts>BOOK</Sts>
                <BookgDt>
                    <Dt>2001-12-17</Dt>
                </BookgDt>
                <AcctSvcrRef>12334567234</AcctSvcrRef>
                <BkTxCd>
                    <Domn>
                        <Cd>PMNT</Cd>
                        <Fmly>
                            <Cd>ICDT</Cd>
                            <SubFmlyCd>DMCT</SubFmlyCd>
                        </Fmly>
                    </Domn>
                </BkTxCd>
                <NtryDtls>
                    <TxDtls>
                        <Refs>
                            <EndToEndId>34</EndToEndId>
                        </Refs>
                        <AmtDtls>
                            <InstdAmt>
                                <Amt Ccy="EUR">100</Amt>
                            </InstdAmt>
                            <TxAmt>
                                <Amt Ccy="USD">128.2
                                </Amt>
                                <CcyXchg>
                                    <SrcCcy>USD</SrcCcy>
                                    <TrgtCcy>EUR</TrgtCcy>
                                    <UnitCcy>USD</UnitCcy>
                                    <XchgRate>1.282</XchgRate>
                                </CcyXchg>
                            </TxAmt>
                        </AmtDtls>
                        <RltdPties>
                            <Cdtr>
                                <Nm>Gatis Egle</Nm>
                                <Id>
                                    <PrvtId>
                                        <Othr>
                                            <Id>121212-12121</Id>
                                        </Othr>
                                    </PrvtId>
                                </Id>
                            </Cdtr>
                            <CdtrAcct>
                                <Id>
                                    <IBAN>LV21TEST0000000000002</IBAN>
                                </Id>
                            </CdtrAcct>
                        </RltdPties>
                        <RmtInf>
                            <Ustrd>Parvedums ar konvertaciju</Ustrd>
                        </RmtInf>
                    </TxDtls>
                </NtryDtls>
            </Ntry>
        </Rpt>
    </BkToCstmrAcctRpt>
</Document>
